<record><leader>00000cas a22000007a 4500</leader><controlfield tag="001">21370344</controlfield><controlfield tag="008">900413d18681870mouwr ne      0    0eng d</controlfield><datafield ind1=" " ind2=" " tag="010"><subfield code="a">sn 90061407 </subfield></datafield><datafield ind1=" " ind2=" " tag="040"><subfield code="a">MQN</subfield><subfield code="b">eng</subfield><subfield code="c">MQN</subfield><subfield code="d">OCLCQ</subfield></datafield><datafield ind1=" " ind2=" " tag="042"><subfield code="a">msc</subfield></datafield><datafield ind1="0" ind2=" " tag="130"><subfield code="a">Paris weekly mercury (Paris, Mo. : 1868)</subfield></datafield><datafield ind1="1" ind2="4" tag="245"><subfield code="a">The Paris weekly mercury.</subfield></datafield><datafield ind1=" " ind2=" " tag="260"><subfield code="a">Paris, Mo. :</subfield><subfield code="b">J.M. Bean &amp; A.G. Mason</subfield></datafield><datafield ind1=" " ind2=" " tag="300"><subfield code="a">v.</subfield></datafield><datafield ind1=" " ind2=" " tag="310"><subfield code="a">Weekly</subfield></datafield><datafield ind1="1" ind2=" " tag="362"><subfield code="a">Began in 1868; ceased in 1870?</subfield></datafield><datafield ind1=" " ind2=" " tag="588"><subfield code="a">Description based on: Vol. 24, no. 26 (Aug. 4, 1868).</subfield></datafield><datafield ind1=" " ind2=" " tag="752"><subfield code="a">United States</subfield><subfield code="b">Missouri</subfield><subfield code="c">Monroe</subfield><subfield code="d">Paris.</subfield></datafield><datafield ind1="0" ind2="0" tag="780"><subfield code="t">Weekly Paris mercury</subfield><subfield code="w">(DLC)sn 87052197</subfield></datafield><datafield ind1="0" ind2="0" tag="785"><subfield code="t">Paris mercury (Paris, Mo. : 1871)</subfield><subfield code="w">(DLC)sn 85034058</subfield></datafield></record>